<record><leader>00000cas a22000007a 4500</leader><controlfield tag="001">24999851</controlfield><controlfield tag="008">911219d187218uuncudn ne      0    0eng d</controlfield><datafield ind1=" " ind2=" " tag="010"><subfield code="a">sn 91068535 </subfield></datafield><datafield ind1=" " ind2=" " tag="040"><subfield code="a">NVJ</subfield><subfield code="b">eng</subfield><subfield code="c">NVJ</subfield><subfield code="d">OCLCQ</subfield></datafield><datafield ind1=" " ind2=" " tag="042"><subfield code="a">msc</subfield></datafield><datafield ind1="0" ind2=" " tag="130"><subfield code="a">Daily liberal (New Bern, N.C.)</subfield></datafield><datafield ind1="1" ind2="4" tag="245"><subfield code="a">The daily liberal.</subfield></datafield><datafield ind1="1" ind2="3" tag="246"><subfield code="a">Newbern daily liberal</subfield></datafield><datafield ind1=" " ind2=" " tag="260"><subfield code="a">Newbern, N.C. :</subfield><subfield code="b">E.I. Guthrie</subfield></datafield><datafield ind1=" " ind2=" " tag="300"><subfield code="a">v.</subfield></datafield><datafield ind1=" " ind2=" " tag="310"><subfield code="a">Daily (except Monday)</subfield></datafield><datafield ind1="1" ind2=" " tag="362"><subfield code="a">Began in Nov. 1872.</subfield></datafield><datafield ind1=" " ind2=" " tag="588"><subfield code="a">Description based on: Vol. 1, no. 3 (Nov. 8, 1872).</subfield></datafield><datafield ind1=" " ind2=" " tag="752"><subfield code="a">United States</subfield><subfield code="b">North Carolina</subfield><subfield code="c">Craven</subfield><subfield code="d">New Bern.</subfield></datafield></record>